%%% Conference proceedings
%%%%%%%%%%%%%%%%%%%%%%%%%%

@inproceedings{quijano_3d_2010,
  location = {{Atlanta, USA}},
  title = {3D spatial filtering applications in spherical near field antenna measurements},
  booktitle = {Proc. 32nd {{Annu. Symp.}} {{Antenna Meas. Techn. Assoc.}} ({{AMTA}})},
  date = {2010-10},
  author = {Quijano, JL Araque and Vecchi, G and Li, L and Sabbadini, M and Scialacqua, L and Bencivenga, B and Mioc, F and Foged, LJ},
}

@inproceedings{russer_overview_2009,
  title = {Overview over network methods applied to electromagnetic field computation},
  doi = {10.1109/ICEAA.2009.5297444},
  year = {2009},
  month = {Sep},
  pages = {276--279},
  booktitle={Proc. Int. Conf. Electromagn. Adv. Appl. (ICEAA)}, 
  author = {Russer, Peter},
  location = {Torino, Italy},
}

%%% Journal papers
%%%%%%%%%%%%%%%%%%

@article{poljak_assessment_2003,
  langid = {english},
  title = {The assessment of human exposure to low frequency and high frequency electromagnetic fields using the boundary element analysis},
  volume = {27},
  issn = {09557997},
  doi = {10.1016/S0955-7997(03)00070-5},
  number = {10},
  journaltitle = {Eng. Anal. Bound. Elem.},
  urldate = {2015-11-16},
  date = {2003-12},
  pages = {999--1007},
  author = {Poljak, Dragan and Tham, Choy Yoong and Kovac, Niksa},
  note = {00016}
}


%%% Online (general advice: do not use)
%%%%%%%%%%%%%%%%%%%%%%%%%%%%%%%%%%%%%%%

@misc{moser_howtoequations_2017,
 title = {{How to Typeset Equations in \LaTeX}},
 howpublished = {\href{http://moser-isi.ethz.ch/docs/typeset\_equations.pdf}{http://moser-isi.ethz.ch/docs/typeset\_equations.pdf}},
date = {2018-01},
 author = {{Moser, S. M.}}
}

@misc{nadler_isokonform_2018,
 title = {{ISO-31-konformer Formelsatz in \LaTeX}},
 howpublished = {\href{http://www.moritz-nadler.de/formelsatz.pdf}{http://www.moritz-nadler.de/formelsatz.pdf}},
 author = {{Nadler, M.}},
 langid = {german},
 date = {2018-01}
}

@misc{IEEEStyle,
 title = {{IEEE Editorial Style Manual}},
 howpublished = {\linebreak\href{https://www.ieee.org/documents/style\_manual.pdf}{https://www.ieee.org/documents/style\_manual.pdf}},
 author = {{IEEE Periodicals, Transactions/Journals Department}},
 date = {2018-01},
 langid = {english}
}

@misc{detex,
 title = {Detexify},
 howpublished = {\href{http://detexify.kirelabs.org/classify.html}{http://detexify.kirelabs.org/classify.html}},
 author = {P. KÃ¼hl and D. Kirsch },
 date = {2018-01}
}


%%% Books
%%%%%%%%%

@book{peterson_computational_1998,
  title={{Computational Methods for Electromagnetics}},
  author={Peterson, Andrew F and Ray, Scott L and Mittra, Raj},
  year={1998},
  publisher={New York, NY: Wiley-IEEE Press}
}

@book{pozar_microwave_2011,
  title={{Microwave Engineering}},
  author={Pozar, D. M.},
  year={2011},
  edition ={4},
  publisher={Hoboken, NJ: John Wiley \& Sons}
}

@book{matthei_microwave_1980,
  title={{Microwave Filters, Impedance Matching Networks and Coupling Structures}},
  author={Matthaei, G. and Jones, E. M. T. and Young, L.},
  year={1980},
  publisher={Norwood, MA: Artech House}
}


@book{wittgenstein_tractatus_1999,
  langid = {english},
  location = {{Mineola, NY}},
  title = {Tractatus Logico-Philosophicus},
  edition = {Dover ed},
  pagetotal = {125},
  series = {Dover Books on Western Philosophy},
  publisher = {{Dover Publ}},
  date = {1999},
  author = {Wittgenstein, Ludwig and Ogden, Charles K. and Russell, Bertrand},
}




@book{williams_style_1995,
    langid = {english},
    location = {{Chicago, USA}},
    title = {Style: Toward Clarity and Grace},
    isbn = {978-0-226-89915-2 978-0-226-89914-5},
    shorttitle = {Style},
    pagetotal = {208},
    series = {Chicago guides to writing, editing, and publishing},
    date = {1995},
    keywords = {English language Composition (Arts),Literature,English language Style,Englisch,Stilistik,Wirtschaftssprache,Fachsprache},
    author = {Williams, Joseph M.},
    file = {/home/simon/.zotero/zotero/sjg67dhw.default/zotero/storage/7SN23NT8/Williams - 1995 - Style.pdf},
    note = {00269}
}

@book{_chicago_2017,
    location = {{Chicago ; London}},
    title = {The {{Chicago Manual}} of {{Style}}},
    edition = {Seventeenth edition},
    isbn = {978-0-226-28705-8},
    pagetotal = {1144},
    publisher = {{The University of Chicago Press}},
    date = {2017},
}

@collection{merriam-websterinc_merriam_2014,
    location = {{Springfield}},
    title = {Merriam {{Webster}}'s {{Collegiate Dictionary}}},
    edition = {Eleventh edition},
    pagetotal = {1623},
    publisher = {{Merriam-Webster}},
    date = {2014},
    editor = {Merriam-Webster, Inc}
}

@book{knuth1989mathematical,
    title = {Mathematical {{Writing}}},
    publisher = {{Mathematical Association of America Washington, DC}},
    date = {1989},
    author = {Knuth, Donald Ervin and Larrabee, Tracy and Roberts, Paul M and Roberts, Paul M}
}




