@INPROCEEDINGS{381063,
	author={Gunalp, N. and Ozet, A.},
	booktitle={Proceedings of MELECON '94. Mediterranean Electrotechnical Conference}, 
	title={Two-dimensional electromagnetic inverse scattering solutions by a sine-basis moment method}, 
	year={1994},
	volume={},
	number={},
	pages={442-445 vol.2},
	keywords={Electromagnetic scattering;Inverse problems;Moment methods;Acoustic scattering;Acoustic testing;Acoustic pulses;Biomedical acoustics;Dielectrics;Integral equations;Laboratories},
	doi={10.1109/MELCON.1994.381063}}

@ARTICLE{6879330,
	author={Yu, Zhiru and Chai, Mei and Mix, Jason A. and Slattery, Kevin P. and Liu, Qing Huo},
	journal={IEEE Transactions on Components, Packaging and Manufacturing Technology}, 
	title={Inverse Source Solver for a High Resolution Near Field Scanner in Microelectronic Applications}, 
	year={2014},
	volume={4},
	number={9},
	pages={1495-1502},
	keywords={Image resolution;Receivers;Image reconstruction;Green's function methods;Electromagnetic interference;Inverse problems;Probes;Current reconstruction;high resolution imaging;inverse problem;near field scanning;Current reconstruction;high resolution imaging;inverse problem;near field scanning},
	doi={10.1109/TCPMT.2014.2339357}}

@ARTICLE{4812237,
	author={Eibert, Thomas F. and Schmidt, Carsten H.},
	journal={IEEE Transactions on Antennas and Propagation}, 
	title={Multilevel Fast Multipole Accelerated Inverse Equivalent Current Method Employing Rao–Wilton–Glisson Discretization of Electric and Magnetic Surface Currents}, 
	year={2009},
	volume={57},
	number={4},
	pages={1178-1185},
	keywords={Acceleration;Antenna measurements;Noise measurement;Wavelength measurement;Directive antennas;Magnetic field measurement;Current measurement;Integral equations;Eigenvalues and eigenfunctions;Shape measurement;Antenna measurements;fault diagnosis;integral equations;inverse problems},
	doi={10.1109/TAP.2009.2015828}}

@ARTICLE{768793,
	author={Sarkar, T.K. and Taaghol, A.},
	journal={IEEE Transactions on Antennas and Propagation}, 
	title={Near-field to near/far-field transformation for arbitrary near-field geometry utilizing an equivalent electric current and MoM}, 
	year={1999},
	volume={47},
	number={3},
	pages={566-573},
	keywords={Antenna measurements;Integral equations;Matrix decomposition;Shape measurement;Computational geometry;Current measurement;Electric variables measurement;Sampling methods;Moment methods;Singular value decomposition},
	doi={10.1109/8.768793}}

@book{balanis,
	title = {Antenna Theory - Analysis and Design (4th Edition)},
	author = {Balanis, Constantine A.},
	year = {2016},
	url = {https://app.knovel.com/hotlink/toc/id:kpATADE01N/antenna-theory-analysis/antenna-theory-analysis},
	isbn = {978-1-118-64206-1},
	publisher = {John Wiley & Sons},
}

@book{ott,
	title = {Electromagnetic Compatibility Engineering},
	publisher = {John Wiley & Sons, Ltd},
	isbn = {9780470508510},
	author = {Ott, H. W.},
	doi = {https://doi.org/10.1002/9780470508510},
	url = {https://onlinelibrary.wiley.com/doi/abs/10.1002/9780470508510},
	year = {2009}
}

@INPROCEEDINGS{5997218,
	author={Zhu, Jianfang and Omar, Saad and Chai, Wenwen and Jiao, Dan},
	booktitle={2011 IEEE International Symposium on Antennas and Propagation (APSURSI)}, 
	title={A rigorous solution to the low-frequency breakdown in the electric field integral equation}, 
	year={2011},
	volume={},
	number={},
	pages={3214-3217},
	keywords={Eigenvalues and eigenfunctions;Electric breakdown;Integral equations;Approximation methods;Frequency dependence;Antennas;Maxwell equations;Electric field integral equation (EFIE);low frequency breakdown;electromagnetic analysis;full-wave analysis},
	doi={10.1109/APS.2011.5997218}}
	
@INPROCEEDINGS{8293221,
	author={Gür, U. M. and Ergül, O.},
	booktitle={2017 Progress in Electromagnetics Research Symposium - Fall (PIERS - FALL)}, 
	title={Low-frequency breakdown of the potential integral equations and its remedy}, 
	year={2017},
	volume={},
	number={},
	pages={676-682},
	keywords={Current density;Electric breakdown;Electric potential;Integral equations;Electric fields;Scattering},
	doi={10.1109/PIERS-FALL.2017.8293221}}
	
@misc{digikey,
	title = {{DigiKey}},
	url = {https://www.digikey.de/en},
	language = {en-de},
	journal = {DigiKey},
}

@book{snelling,
	title={Soft Ferrites: Properties and Applications},
	author={Snelling, E. C.},
	isbn={0592027902},
	year={1969},
	publisher={Iliffe},
	address={London},
	edition={1st edition}
}

@article{nakamura,
	title = {Frequency dispersion of permeability in ferrite composite materials},
	journal = {Journal of Magnetism and Magnetic Materials},
	volume = {138},
	number = {3},
	pages = {319-328},
	year = {1994},
	issn = {0304-8853},
	doi = {https://doi.org/10.1016/0304-8853(94)90054-X},
	url = {https://www.sciencedirect.com/science/article/pii/030488539490054X},
	author = {T. Nakamura and T. Tsutaoka and K. Hatakeyama},
}

@book{rosa,
	title={Formulas and Tables for the Calculation of Mutual and Self-inductance},
	author={Rosa, E.B. and Grover, F.W.},
	series={Scientific papers of the Bureau of Standards},
	year={1948},
	publisher={U.S. Government Printing Office}
}


@ARTICLE{6732932,
	author={Martínez, José and Babic, Slobodan and Akyel, Cevdet},
	journal={IEEE Transactions on Magnetics}, 
	title={On Evaluation of Inductance, DC Resistance, and Capacitance of Coaxial Inductors at Low Frequencies}, 
	year={2014},
	volume={50},
	number={7},
	pages={1-12},
	doi={10.1109/TMAG.2014.2303943}}
	
@book{wijn,
	title={Magnetic Relaxation and Resonance Phenomena in Ferrites},
	author={Wijn, H.P.J.},
	lccn={57021558},
	year={1953},
	publisher={Drukkerij en Uitg.-Mij. v/h Kemink},
	url={https://www.lorentz.leidenuniv.nl/history/proefschriften/sources/Wijn_1953.pdf}
}


@misc{electronbunker,
	title = {Electron {Bunker}},
	url = {https://electronbunker.ca/eb/Home.html},
}

@article{nagaoka,
	title={The Inductance Coefficients of Solenoids},
	author={Nagaoka, H},
	journal={The Journal of the College of Science, Imperial University of Tokyo, Japan},
	year={1909},
	volume={27},
	pages={1-33},
	url={https://api.semanticscholar.org/CorpusID:107364631}
}

@article{medhurst,
	title = {H.{F}. resistance and self-capacitance of single-layer solenoids},
	volume = {24},
	journal = {Wireless Engineer},
	author = {Medhurst, R. G.},
	year = {1947},
	pages = {35--43, 80--92},
}

@ARTICLE{5482787,
	author={Pan, M-J. and Randall, Clive A.},
	journal={IEEE Electrical Insulation Magazine}, 
	title={A brief introduction to ceramic capacitors}, 
	year={2010},
	volume={26},
	number={3},
	pages={44-50},
	doi={10.1109/MEI.2010.5482787}}

@INPROCEEDINGS{8094717,
	author={Asmanis, A. and Stepins, D. and Dzenis, A. and Asmanis, G.},
	booktitle={2017 International Symposium on Electromagnetic Compatibility - EMC EUROPE}, 
	title={3D modeling of surface-mount capacitors and mutual couplings between them}, 
	year={2017},
	volume={},
	number={},
	pages={1-6},
	doi={10.1109/EMCEurope.2017.8094717}}
	
@misc{vishay,
	title = {Applications and {Design} of {Thin} {Film} {Resistors}},
	url = {https://www.vishay.com/docs/61083/appsdes.pdf},
	publisher = {Vishay Electro-Films},
	month = dec,
	year = {2004},
}

@book{lam,
	address = {Englewood Cliffs, N.J.},
	title = {Analog and {Digital} {Filters}: {Design} and {Realization}},
	isbn = {0-13-032755-7},
	publisher = {Prentice-Hall},
	author = {Lam, Harry Y.-F.},
	year = {1979},
}

@ARTICLE{9422969,
	author={Wang, Fei and Wang, Hua},
	journal={IEEE Journal of Solid-State Circuits}, 
	title={A High-Power Broadband Multi-Primary DAT-Based Doherty Power Amplifier for mm-Wave 5G Applications}, 
	year={2021},
	volume={56},
	number={6},
	pages={1668-1681},
	doi={10.1109/JSSC.2021.3070800}}
	
@article{tsutaoka,
	author = {Tsutaoka, Takanori},
	title = "{Frequency dispersion of complex permeability in Mn–Zn and Ni–Zn spinel ferrites and their composite materials}",
	journal = {Journal of Applied Physics},
	volume = {93},
	number = {5},
	pages = {2789-2796},
	year = {2003},
	month = {03},
	issn = {0021-8979},
	doi = {10.1063/1.1542651},
	url = {https://doi.org/10.1063/1.1542651},
	eprint = {https://pubs.aip.org/aip/jap/article-pdf/93/5/2789/19266304/2789\_1\_online.pdf},
}

@article{aee423,
	author = {Rastislav Dosoudil and Marianna Usakova and Elemir Usak and Vladimir Jancarik},
	title = {The Dispersion Characteristics of the Complex Permeability of NiZnCu Ferrite and its Composite Materials},
	journal = {Advances in Electrical and Electronic Engineering},
	volume = {3},
	number = {2},
	year = {2011},
	keywords = {Dispersion; permeability; frequency; polymer; composite; material; ferrite.},
	issn = {1804-3119},	
	url = {http://advances.utc.sk/index.php/AEEE/article/view/423}
}

@incollection{landau,
	title = {3 - On the theory of the dispersion of magnetic permeability in ferromagnetic bodies Reprinted from Physikalische Zeitschrift der Sowjetunion 8, Part 2, 153, 1935.},
	editor = {L.P. Pitaevski},
	booktitle = {Perspectives in Theoretical Physics},
	publisher = {Pergamon},
	address = {Amsterdam},
	pages = {51-65},
	year = {1992},
	isbn = {978-0-08-036364-6},
	doi = {https://doi.org/10.1016/B978-0-08-036364-6.50008-9},
	url = {https://www.sciencedirect.com/science/article/pii/B9780080363646500089},
	author = {L. Landau and E. Lifschitz},
}

@inproceedings{sistan,
	title={Permeability characterization of ferrites in the radio frequency range},
	author={Mireia Aleny{\`a} Sistan{\'e}},
	year={2016},
	url={https://api.semanticscholar.org/CorpusID:59039400}
}

@ARTICLE{cheng,
	author={Cheng, Yuhua and Shu, Yaming},
	journal={IEEE Transactions on Magnetics}, 
	title={A New Analytical Calculation of the Mutual Inductance of the Coaxial Spiral Rectangular Coils}, 
	year={2014},
	volume={50},
	number={4},
	pages={1-6},
	doi={10.1109/TMAG.2013.2290972}}
	
@book{grover2013,
	title={Inductance Calculations},
	author={Grover, F.W.},
	isbn={9780486318356},
	series={Dover Books on Electrical Engineering},
	url={https://books.google.de/books?id=H4LCAgAAQBAJ},
	year={2013},
	publisher={Dover Publications}
}

@ARTICLE{moskowitz,
	author={Moskowitz, R. and Della Torre, E. and Chen, R.M.M.},
	journal={Proceedings of the IEEE}, 
	title={Tabulation of magnetometric demagnetization factors for regular polygonal cylinders}, 
	year={1966},
	volume={54},
	number={9},
	pages={1211-1211},
	doi={10.1109/PROC.1966.5089}}

@article{kramers,
	title={The Use of Kramers-Kronig Relations for Verification of Quality of Ferrite Magnetic Spectra},
	author={Nikolajs Ponomarenko and Tatjana Solovjova and Juris Grizans},
	journal={Electrical, Control and Communication Engineering},
	year={2015},
	volume={9},
	pages={30 - 35},
	url={https://api.semanticscholar.org/CorpusID:55528452}
}

@book{werkstoffe,
	title={Werkstoffe der Elektrotechnik},
	author={Ivers-Tiff{\'e}e, E. and von M{\"u}nch, W.},
	isbn={9783835100527},
	series={Lehrbuch : Elektrotechnik},
	url={https://books.google.de/books?id=qtt9uoxjIEcC},
	year={2007},
	publisher={Vieweg+Teubner Verlag}
}